<record><leader>00000cas a2200000 a 4500</leader><controlfield tag="001">26758642</controlfield><controlfield tag="008">921009d18671868cauwr ne      0    0eng c</controlfield><datafield ind1=" " ind2=" " tag="010"><subfield code="a">sn 92068883 </subfield></datafield><datafield ind1=" " ind2=" " tag="040"><subfield code="a">CNK</subfield><subfield code="b">eng</subfield><subfield code="c">CNK</subfield><subfield code="d">OCLCQ</subfield><subfield code="d">CNK</subfield><subfield code="d">OCLCQ</subfield><subfield code="d">OCLCF</subfield><subfield code="d">OCLCO</subfield></datafield><datafield ind1="1" ind2=" " tag="029"><subfield code="a">AU@</subfield><subfield code="b">000020735081</subfield></datafield><datafield ind1=" " ind2=" " tag="042"><subfield code="a">pcc</subfield></datafield><datafield ind1=" " ind2=" " tag="043"><subfield code="a">n-us-ca</subfield></datafield><datafield ind1="0" ind2=" " tag="130"><subfield code="a">Dutch Flat enquirer (Dutch Flat, Calif. : 1867)</subfield></datafield><datafield ind1="1" ind2="4" tag="245"><subfield code="a">The Dutch Flat enquirer.</subfield></datafield><datafield ind1=" " ind2=" " tag="260"><subfield code="a">Dutch Flat, Calif. :</subfield><subfield code="b">E.B. Boust</subfield></datafield><datafield ind1=" " ind2=" " tag="300"><subfield code="a">v.</subfield></datafield><datafield ind1=" " ind2=" " tag="310"><subfield code="a">Weekly</subfield></datafield><datafield ind1="0" ind2=" " tag="362"><subfield code="a">Vol. 9, no. 1 (Nov. 16, 1867)-v. 9, no. 43 (Sept. 5, 1868).</subfield></datafield><datafield ind1=" " ind2="0" tag="651"><subfield code="a">Placer County (Calif.)</subfield><subfield code="v">Newspapers.</subfield></datafield><datafield ind1=" " ind2="7" tag="655"><subfield code="a">Newspapers.</subfield><subfield code="2">fast</subfield><subfield code="0">(OCoLC)fst01423814</subfield></datafield><datafield ind1=" " ind2="7" tag="651"><subfield code="a">California</subfield><subfield code="z">Placer County.</subfield><subfield code="2">fast</subfield><subfield code="0">(OCoLC)fst01215713</subfield></datafield><datafield ind1=" " ind2=" " tag="752"><subfield code="a">United States</subfield><subfield code="b">California</subfield><subfield code="c">Placer</subfield><subfield code="d">Dutch Flat.</subfield></datafield><datafield ind1="0" ind2="0" tag="780"><subfield code="t">Semi-weekly enquirer</subfield><subfield code="w">(DLC)sn 92068882</subfield></datafield></record>